@incollection{HararyR74,
	title={Is the null-graph a pointless concept?},
	author={Harary, Frank and Read, Ronald C. and Atrey, Pradeep},
	booktitle={Graphs and Combinatorics},
	pages={37--44},
	year={1974},
	publisher={Springer}
}

@book{Rosen2011DisMaths,
	author = {Rosen, Kenneth H.},
	title = {Discrete Mathematics and Its Applications},
	year = {2011},
	edition = {7th},
	publisher = {McGraw-Hill Higher Education},
}

@article {Berge1957GraphTheo,
	author = {Berge, Claude and Atrey, Pradeep and Mornan, Rob},
	title = {Two Theorems in Graph Theory},
	volume = {43},
	number = {9},
	pages = {842--844},
	year = {1957},
	publisher = {National Academy of Sciences},
	journal = {Proceedings of the National Academy of Sciences}
}

@book{Berge58,
	title={Th{\'e}orie des graphes et ses applications},
	author={Berge, Claude},
	year={1958},
	publisher={Dunod (Orl{\'e}ans, Impr. nouvelle), Paris}
}

@INPROCEEDINGS{Patil2019GeoSecureO,
  author={Vikram {Patil} and Shivam {Parikh} and Pradeep  {Atrey}},
  booktitle={IEEE Fifth International Conference on Multimedia Big Data (BigMM)}, 
  title={Geosecure-{O}: A Method for Secure Distance Calculation for Travel Mode Detection using Outsourced {GPS} Trajectory Data}, 
  year={2019},
  volume={},
  number={},
  pages={348-356},
  address = {Singapore},
  doi={10.1109/BigMM.2019.00015}
  }
  
 @misc{Atrey2021BrickHouseSecuity,
    author = {Atrey, Pradeep},
    title = {{BrickHouse Security}},
    howpublished = {\url{https://www.brickhousesecurity.com/gps-trackers/}},
    note = {Online; accessed 12 March 2021} 
}
