@misc{whatsappfaq,
    title={About End-to-end Encryption},
    author={faq.whatsapp.com},
    howpublished={
        \url{https://faq.whatsapp.com/820124435853543/}
    },
    note={Online; accessed 3 Feb. 2023}
}
@misc{ibmend2end,
    title={What is End-to-end Encryption},
    author={www.ibm.com},
    howpublished={
        \url{https://www.ibm.com/topics/end-to-end-encryption}
    },
    note={Online; accessed 2 Feb. 2023}
}
@misc{doubleratchetalg,
    title={The Double Ratchet Algorithm},
    author={Marlinspike, Moxie, and Perrin},
    howpublished={
        \url{https://signal.org/docs/specifications/doubleratchet/}
    },
    note={Online; accessed 2 Feb. 2023}
}
@misc{privacypolicy,
    title={Privacy Policy},
    author={values.snap.com},
    howpublished={
        \url{https://values.snap.com/privacy/privacy-policy}
    },
    note={Online; accessed 2 Feb. 2023}
}
@misc{typesofencryption,
    title={Types of Encryption: 5 Common encryption Algorithms},
    author={Indeed Editorial Team},
    howpublished={
        \url{https://www.indeed.com/career-advice/career-development/types-of-encryption}
    },
    note={Online; accessed 5 Feb. 2023}
}
@misc{makesecureapp,
    title={How to Make a Really Secure Messaging App Similar to Signal?},
    author={Pisemennaya, Kate, and Baryshevskiy, Anton},
    howpublished={
        \url{https://themindstudios.com/blog/how-to-make-a-secure-chat-app-like-signal/}
    },
    note={Online; accessed 5 Feb. 2023}
}
@misc{telegramnotsafe,
    title={Why Telegram Isn't As Secure As You Think It Is},
    author={Nesbo, Elliot},
    howpublished={
        \url{https://www.makeuseof.com/telegram-security/v}
    },
    note={Online; accessed 5 Feb. 2023}
}
@misc{datasnapchatcollects,
    title={What Data Does Snapchat Collect?},
    author={Dvorak, Chyelle},
    howpublished={
        \url{https://www.reviews.org/internet-service/what-data-snapchat-collects/}
    },
    note={Online; accessed 5 Feb. 2023}
}
@misc{facebookmessenger,
    title={How Safe Is Facebook Messenger And How To Make It Even More Secure},
    author={Sarwar, Nadeem},
    howpublished={
        \url{https://screenrant.com/facebook-messenger-safety-end-to-encryption-chat-video-messages-explained/}
    },
    note={Online; accessed 4 Feb. 2023}
}
@misc{istelegramsafe,
    title={Is Telegram Safe? Here's What Security Experts Have To Say About the App},
    author={Davies, Hannah},
    howpublished={
        \url{https://www.trustedreviews.com/news/is-telegram-safe-4130553}
    },
    note={Online; accessed 5 Feb. 2023}
}
